<record><leader>00000cas a22000007a 4500</leader><controlfield tag="001">22805870</controlfield><controlfield tag="008">901207d19381938nyuwn ne      0    0eng d</controlfield><datafield ind1=" " ind2=" " tag="010"><subfield code="a">sn 90066357 </subfield></datafield><datafield ind1=" " ind2=" " tag="040"><subfield code="a">NYS</subfield><subfield code="b">eng</subfield><subfield code="c">NYS</subfield><subfield code="d">OCLCQ</subfield></datafield><datafield ind1=" " ind2=" " tag="042"><subfield code="a">msc</subfield></datafield><datafield ind1="0" ind2="4" tag="245"><subfield code="a">The Woodstock New Yorker.</subfield></datafield><datafield ind1=" " ind2=" " tag="260"><subfield code="a">Woodstock, N.Y. :</subfield><subfield code="b">William Douglas</subfield></datafield><datafield ind1=" " ind2=" " tag="300"><subfield code="a">v. :</subfield><subfield code="b">ill.</subfield></datafield><datafield ind1=" " ind2=" " tag="310"><subfield code="a">Weekly (Semiweekly in Summer)</subfield></datafield><datafield ind1="1" ind2=" " tag="362"><subfield code="a">Began in Mar. 1938? Ceased in May 1938?</subfield></datafield><datafield ind1=" " ind2=" " tag="500"><subfield code="a">"We Overlook nothing."</subfield></datafield><datafield ind1=" " ind2=" " tag="588"><subfield code="a">Description based on: Mar. 19, 1938.</subfield></datafield><datafield ind1=" " ind2="4" tag="651"><subfield code="a">Woodstock (N.Y.)</subfield><subfield code="v">Newspapers.</subfield></datafield><datafield ind1=" " ind2=" " tag="752"><subfield code="a">United States</subfield><subfield code="b">New York</subfield><subfield code="c">Ulster</subfield><subfield code="d">Woodstock.</subfield></datafield><datafield ind1="1" ind2=" " tag="029"><subfield code="a">AU@</subfield><subfield code="b">000025866798</subfield></datafield></record>